<record><leader>00000cas a22000007a 4500</leader><controlfield tag="001">11461340</controlfield><controlfield tag="008">841206c19449999gaudr ne      0   a0eng d</controlfield><datafield ind1=" " ind2=" " tag="010"><subfield code="a">sn 84002072 </subfield></datafield><datafield ind1=" " ind2=" " tag="040"><subfield code="a">NSD</subfield><subfield code="b">eng</subfield><subfield code="c">NSD</subfield><subfield code="d">NLG</subfield><subfield code="d">OCLCQ</subfield></datafield><datafield ind1=" " ind2=" " tag="012"><subfield code="m">1</subfield></datafield><datafield ind1="1" ind2=" " tag="022"><subfield code="a">8750-4618</subfield><subfield code="l">8750-4618</subfield><subfield code="2">1</subfield></datafield><datafield ind1="1" ind2=" " tag="029"><subfield code="a">AU@</subfield><subfield code="b">000025837008</subfield></datafield><datafield ind1="1" ind2=" " tag="029"><subfield code="a">NZ1</subfield><subfield code="b">16075367</subfield></datafield><datafield ind1=" " ind2=" " tag="032"><subfield code="a">329240</subfield><subfield code="b">USPS</subfield></datafield><datafield ind1=" " ind2=" " tag="037"><subfield code="b">Marietta Daily Journal, 580 Fairground St., Marietta, GA 30061</subfield></datafield><datafield ind1=" " ind2=" " tag="042"><subfield code="a">nsdp</subfield><subfield code="a">msc</subfield></datafield><datafield ind1="0" ind2=" " tag="130"><subfield code="a">Marietta daily journal (Marietta, Ga.)</subfield></datafield><datafield ind1=" " ind2="4" tag="222"><subfield code="a">The Marietta daily journal</subfield><subfield code="b">(Marietta, Ga.)</subfield></datafield><datafield ind1="1" ind2="4" tag="245"><subfield code="a">The Marietta daily journal.</subfield></datafield><datafield ind1=" " ind2=" " tag="260"><subfield code="a">Marietta, Ga. :</subfield><subfield code="b">Times-Journal</subfield></datafield><datafield ind1=" " ind2=" " tag="310"><subfield code="a">Daily,</subfield><subfield code="b">&lt;1987&gt;-</subfield></datafield><datafield ind1=" " ind2=" " tag="321"><subfield code="a">Daily (except Sat. and Sun.),</subfield><subfield code="b">-Feb. 15, 1946</subfield></datafield><datafield ind1=" " ind2=" " tag="321"><subfield code="a">Daily (except Sat.),</subfield><subfield code="b">Feb. 17, 1946-&lt;June, 1975&gt;</subfield></datafield><datafield ind1="0" ind2=" " tag="362"><subfield code="a">Vol. 78, no. 185 (Sept. 18, 1944)-</subfield></datafield><datafield ind1=" " ind2=" " tag="588"><subfield code="a">Description based on: Vol. 118, no. 256 (Oct. 29, 1984).</subfield></datafield><datafield ind1=" " ind2=" " tag="752"><subfield code="a">United States</subfield><subfield code="b">Georgia</subfield><subfield code="c">Cobb</subfield><subfield code="d">Marietta.</subfield></datafield><datafield ind1="0" ind2="0" tag="780"><subfield code="t">Marietta journal (Marietta, Ga. : 1918)</subfield><subfield code="w">(DLC)sn8900053963</subfield></datafield><datafield ind1=" " ind2=" " tag="936"><subfield code="a">Oct. 29, 1984</subfield></datafield></record>